<record xmlns="http://www.loc.gov/MARC21/slim" xmlns:xsi="http://www.w3.org/2001/XMLSchema-instance" xsi:schemaLocation="http://www.loc.gov/MARC21/slim http://www.loc.gov/standards/marcxml/schema/MARC21slim.xsd"><leader>02011nam a2200397   4500</leader><controlfield tag="001">001762373</controlfield><controlfield tag="003">NNU</controlfield><controlfield tag="006">m        d        </controlfield><controlfield tag="007">cr cn |||m|||a</controlfield><controlfield tag="008">150222s1900    ua      o     000 0 ara d</controlfield><datafield ind1=" " ind2=" " tag="040"><subfield code="a">NNU</subfield><subfield code="b">eng</subfield><subfield code="c">NNU</subfield></datafield><datafield ind1=" " ind2="4" tag="050"><subfield code="a">PJ6620</subfield><subfield code="b">.T5 1900</subfield></datafield><datafield ind1=" " ind2=" " tag="066"><subfield code="c">(3</subfield></datafield><datafield ind1=" " ind2=" " tag="090"><subfield code="a">PJ6620</subfield><subfield code="b">.T5 1900</subfield></datafield><datafield ind1="1" ind2=" " tag="100"><subfield code="6">880-01</subfield><subfield code="a">Tha&#699;&#257;lib&#299;, &#699;Abd al-Malik ibn Mu&#7717;ammad,</subfield><subfield code="d">961 or 2-1037 or 8</subfield></datafield><datafield ind1="1" ind2="0" tag="240"><subfield code="6">880-02</subfield><subfield code="a">Fiqh al-lughah wa-sirr al-&#699;Arab&#299;yah</subfield></datafield><datafield ind1="1" ind2="0" tag="245"><subfield code="6">880-03</subfield><subfield code="a">Kit&#257;b Fiqh al-lughah wa-asrar al-&#699;Arab&#299;yah</subfield><subfield code="h">[electronic resource] /</subfield><subfield code="c">ta&#700;lf&#772; Ab&#299; Man&#7779;&#363;r &#699;Abd al-Malik ibn Mu&#7717;ammad ibn Ism&#257;&#699;&#299;l al-Tha&#699;&#257;lib&#299;.</subfield></datafield><datafield ind1=" " ind2=" " tag="250"><subfield code="6">880-04</subfield><subfield code="a">al- Tab'ah 1.</subfield></datafield><datafield ind1=" " ind2=" " tag="260"><subfield code="6">880-05</subfield><subfield code="a">Misr :</subfield><subfield code="b">al-Ma&#7789;ba&#699;ah al-Adab&#299;yah,</subfield><subfield code="c">1317 [1900]</subfield></datafield><datafield ind1=" " ind2=" " tag="300"><subfield code="a">online resource (320 p.)</subfield></datafield><datafield ind1=" " ind2=" " tag="500"><subfield code="a">Part of the Arabic Collections Online (ACO) project, contributed by New York Univeristy Libraries.</subfield></datafield><datafield ind1=" " ind2=" " tag="533"><subfield code="a">Electronic reproduction.</subfield><subfield code="b">New York, N.Y. :</subfield><subfield code="c">New York University,</subfield><subfield code="d">2015.</subfield><subfield code="5">NNU</subfield></datafield><datafield ind1=" " ind2="0" tag="650"><subfield code="a">Arabic language</subfield><subfield code="v">Dictionaries.</subfield></datafield><datafield ind1="2" ind2=" " tag="710"><subfield code="a">New York University.</subfield><subfield code="b">Libraries.</subfield></datafield><datafield ind1="0" ind2=" " tag="730"><subfield code="a">Arabic Collections Online.</subfield></datafield><datafield ind1="0" ind2=" " tag="740"><subfield code="6">880-06</subfield><subfield code="a">Fiqh al-lughah wa-sirr al-&#699;Arab&#299;yah.</subfield></datafield><datafield ind1="0" ind2="8" tag="776"><subfield code="i">Print version:</subfield><subfield code="a">Tha&#699;&#257;lib&#299;, &#699;Abd al-Malik ibn Mu&#7717;ammad, 961 or 2-1037 or 8 880-01</subfield><subfield code="t">Kit&#257;b Fiqh al-lughah wa-asrar al-&#699;Arab&#299;yah</subfield><subfield code="w">(NNU)001762373</subfield></datafield><datafield ind1="4" ind2="0" tag="856"><subfield code="u">http://hdl.handle.net/2333.1/xgxd2704</subfield></datafield><datafield ind1="1" ind2=" " tag="880"><subfield code="6">100-01/</subfield><subfield code="a">&#1579;&#1593;&#1575;&#1604;&#1576;&#1610;&#1548; &#1593;&#1576;&#1583; &#1575;&#1604;&#1605;&#1604;&#1603; &#1576;&#1606; &#1605;&#1581;&#1605;&#1583;.</subfield></datafield><datafield ind1="1" ind2="0" tag="880"><subfield code="6">240-02/</subfield><subfield code="a">&#1601;&#1602;&#1607; &#1575;&#1604;&#1604;&#1594;&#1577; &#1608;&#1587;&#1585; &#1575;&#1604;&#1593;&#1585;&#1576;&#1610;&#1577;</subfield></datafield><datafield ind1="1" ind2="0" tag="880"><subfield code="6">245-03/</subfield><subfield code="a">&#1603;&#1578;&#1575;&#1576; &#1601;&#1602;&#1607; &#1575;&#1604;&#1604;&#1594;&#1577; &#1608;&#1587;&#1585; &#1575;&#1604;&#1593;&#1585;&#1576;&#1610;&#1577; /</subfield><subfield code="c">&#1578;&#1571;&#1604;&#1610;&#1601; &#1571;&#1576;&#1610; &#1605;&#1606;&#1589;&#1608;&#1585; &#1593;&#1576;&#1583; &#1575;&#1604;&#1605;&#1604;&#1603; &#1576;&#1606; &#1605;&#1581;&#1605;&#1583; &#1576;&#1606; &#1573;&#1587;&#1605;&#1575;&#1593;&#1610;&#1604; &#1575;&#1604;&#1579;&#1593;&#1575;&#1604;&#1576;&#1610;.</subfield></datafield><datafield ind1=" " ind2=" " tag="880"><subfield code="6">250-04/</subfield><subfield code="a">&#1575;&#1604;&#1591;&#1576;&#1593;&#1577; &#1633;.</subfield></datafield><datafield ind1=" " ind2=" " tag="880"><subfield code="6">260-05/</subfield><subfield code="a">&#1605;&#1589;&#1585; :</subfield><subfield code="b">&#1575;&#1604;&#1605;&#1591;&#1576;&#1593;&#1577; &#1575;&#1604;&#1575;&#1583;&#1576;&#1610;&#1577;&#1548;</subfield><subfield code="c">1317 [1900]</subfield></datafield><datafield ind1="0" ind2=" " tag="880"><subfield code="6">740-06/</subfield><subfield code="a">&#1601;&#1602;&#1607; &#1575;&#1604;&#1604;&#1594;&#1577; &#1608;&#1587;&#1585; &#1575;&#1604;&#1593;&#1585;&#1576;&#1610;&#1577;.</subfield></datafield><datafield ind1=" " ind2=" " tag="959"><subfield code="a">NNU</subfield><subfield code="b">WEB</subfield><subfield code="c">GENI</subfield><subfield code="t">0</subfield><subfield code="m">Electronic access</subfield><subfield code="s">01</subfield></datafield><datafield ind1=" " ind2=" " tag="999"><subfield code="i">NNU_001762373</subfield><subfield code="s">nyu_aco000265</subfield></datafield></record>